@book{Hume_1985, 
    title={Essays: Moral, political and Literary}, 
    publisher={Liberty Fund}, 
    author={Hume, David}, 
    editor={Miller, Eugene F.Editor}, 
    year={1985}
} 